<record><leader>00000cas a22000007a 4500</leader><controlfield tag="001">17162898</controlfield><controlfield tag="008">871203d19872000mnuwr ne      0   a0eng d</controlfield><datafield ind1=" " ind2=" " tag="010"><subfield code="a">sn 87007714 </subfield></datafield><datafield ind1=" " ind2=" " tag="040"><subfield code="a">NSD</subfield><subfield code="b">eng</subfield><subfield code="c">NSD</subfield><subfield code="d">MN#</subfield><subfield code="d">DLC</subfield><subfield code="d">OCLCQ</subfield><subfield code="d">OCLCF</subfield><subfield code="d">OCLCO</subfield></datafield><datafield ind1="1" ind2=" " tag="022"><subfield code="a">0896-4769</subfield><subfield code="l">0896-4769</subfield><subfield code="y">0883-8739</subfield><subfield code="2">1</subfield></datafield><datafield ind1="1" ind2=" " tag="029"><subfield code="a">AU@</subfield><subfield code="b">000020502635</subfield></datafield><datafield ind1=" " ind2=" " tag="032"><subfield code="a">723910</subfield><subfield code="b">USPS</subfield></datafield><datafield ind1=" " ind2=" " tag="042"><subfield code="a">nsdp</subfield></datafield><datafield ind1=" " ind2=" " tag="043"><subfield code="a">n-us-mn</subfield></datafield><datafield ind1=" " ind2=" " tag="052"><subfield code="a">4144</subfield><subfield code="b">G28</subfield></datafield><datafield ind1=" " ind2=" " tag="052"><subfield code="a">4143</subfield><subfield code="b">S5</subfield></datafield><datafield ind1="0" ind2=" " tag="130"><subfield code="a">Gibbon gazette (Gibbon, Minn. : 1987)</subfield></datafield><datafield ind1=" " ind2="4" tag="222"><subfield code="a">The Gibbon gazette</subfield><subfield code="b">(Gibbon, Minn. 1987)</subfield></datafield><datafield ind1="0" ind2="4" tag="245"><subfield code="a">The Gibbon gazette.</subfield></datafield><datafield ind1="3" ind2="0" tag="246"><subfield code="a">Gazette</subfield></datafield><datafield ind1=" " ind2=" " tag="260"><subfield code="a">Gibbon, Minn. :</subfield><subfield code="b">C.H. Warner,</subfield><subfield code="c">1987-2000.</subfield></datafield><datafield ind1=" " ind2=" " tag="300"><subfield code="a">v.</subfield></datafield><datafield ind1=" " ind2=" " tag="310"><subfield code="a">Weekly</subfield></datafield><datafield ind1="0" ind2=" " tag="362"><subfield code="a">Vol. 93, no. 34 (Oct. 22, 1987)-v. 106, no. 40 (Nov. 16, 2000).</subfield></datafield><datafield ind1=" " ind2=" " tag="530"><subfield code="a">Available on microfilm from the Minnesota Historical Society.</subfield></datafield><datafield ind1=" " ind2=" " tag="580"><subfield code="a">Merged with: Fairfax standard, to form: Fairfax standard-gazette.</subfield></datafield><datafield ind1=" " ind2="0" tag="651"><subfield code="a">Gibbon (Minn.)</subfield><subfield code="v">Newspapers.</subfield></datafield><datafield ind1=" " ind2="7" tag="655"><subfield code="a">Newspapers.</subfield><subfield code="2">fast</subfield><subfield code="0">(OCoLC)fst01423814</subfield></datafield><datafield ind1=" " ind2="7" tag="651"><subfield code="a">Minnesota</subfield><subfield code="z">Gibbon.</subfield><subfield code="2">fast</subfield><subfield code="0">(OCoLC)fst01249560</subfield></datafield><datafield ind1=" " ind2=" " tag="752"><subfield code="a">United States</subfield><subfield code="b">Minnesota</subfield><subfield code="c">Sibley</subfield><subfield code="d">Gibbon.</subfield></datafield><datafield ind1="0" ind2="0" tag="780"><subfield code="t">Gibbon Stewart gazette</subfield><subfield code="w">(DLC)sn 89064215</subfield><subfield code="w">(OCoLC)1568753</subfield></datafield><datafield ind1="1" ind2="7" tag="785"><subfield code="t">Fairfax standard (Fairfax, Minn.)</subfield><subfield code="w">(DLC)sn 89064736</subfield><subfield code="w">(OCoLC)1568753</subfield></datafield><datafield ind1="1" ind2="7" tag="785"><subfield code="t">Fairfax standard-gazette</subfield><subfield code="w">(OCoLC)45617956</subfield></datafield></record>